@article{cariappa2020impact,
	title={Impact of COVID-19 on Indian Agriculture: A Review},
	author={Cariappa, A. A. and Acharya, K. R. and Adhav, C. A. and Sendhil, R. and Ramasundaram, P.},
	journal={Journal of Agribusiness in Developing and Emerging Economies},
	volume={10},
	number={4},
	pages={605--620},
	year={2020},
	publisher={Emerald Publishing Limited},
	doi={10.1108/JADEE-06-2020-0114}
}

@article{mahmud2025price,
	title={Price Forecasting for Agricultural Commodities Using LSTM Networks},
	author={Mahmud, A. and Sinha, S. and Varma, P.},
	journal={Journal of Artificial Intelligence in Agriculture},
	volume={5},
	number={2},
	pages={101--112},
	year={2025},
	publisher={Elsevier},
	note={Forthcoming}
}

@article{kumar2024yield,
	title={Yield Forecasting for Rice in Karnataka Using Machine Learning Models},
	author={Kumar, A. and Rao, M. N. and Patel, R.},
	journal={Computers and Electronics in Agriculture},
	volume={207},
	pages={107575},
	year={2024},
	publisher={Elsevier},
	doi={10.1016/j.compag.2023.107575}
}

@article{darekar2018price,
	title={Price Forecasting of Agricultural Commodities Using ARIMA Model},
	author={Darekar, A. and Reddy, A. A.},
	journal={Agricultural Economics Research Review},
	volume={31},
	number={2},
	pages={267--274},
	year={2018},
	publisher={Indian Society of Agricultural Economics}
}

@article{ghetiya2024ml,
	title={Comparative Analysis of Machine Learning Algorithms for Crop Yield Prediction},
	author={Ghetiya, N. D. and Chauhan, N. B. and Patel, A. G.},
	journal={International Journal of Advanced Computer Science and Applications},
	volume={15},
	number={3},
	pages={92--100},
	year={2024},
	doi={10.14569/IJACSA.2024.0150313}
}

@article{ragunath2025cnn,
	title={CNN-LSTM Based Hybrid Model for Forecasting Agricultural Prices},
	author={Ragunath, R. and Rathipriya, R.},
	journal={IEEE Access},
	volume={13},
	pages={13540--13552},
	year={2025},
	doi={10.1109/ACCESS.2025.3289431},
	note={Forthcoming}
}

@article{tripathi2021mapping,
	title={GIS-Based Suitability Mapping for Kharif Crops in Karnataka},
	author={Tripathi, A. and Ghosh, P. and Joshi, P. K.},
	journal={Geocarto International},
	volume={36},
	number={11},
	pages={1240--1256},
	year={2021},
	publisher={Taylor \& Francis},
	doi={10.1080/10106049.2019.1621133}
}

@article{henrich2020rainfall,
	title={Rainfall Variability and Trends in Karnataka, India: Implications for Agriculture},
	author={Henrich, V. and Reddy, C. and Bhat, G. S.},
	journal={Climate Risk Management},
	volume={27},
	pages={100204},
	year={2020},
	publisher={Elsevier},
	doi={10.1016/j.crm.2020.100204}
}

@article{singh2024ai,
	title={Development of AI-Based Agricultural Advisory Systems for Indian Farmers},
	author={Singh, R. and Sindhu, R.},
	journal={Computers and Electronics in Agriculture},
	volume={210},
	pages={107863},
	year={2024},
	publisher={Elsevier},
	doi={10.1016/j.compag.2024.107863}
}

@article{jain2020deep,
	title={Deep Learning for Forecasting Commodity Prices: Evidence from Indian Markets},
	author={Jain, R. and Meena, H. R. and Kalra, N.},
	journal={Agricultural Systems},
	volume={184},
	pages={102913},
	year={2020},
	publisher={Elsevier},
	doi={10.1016/j.agsy.2020.102913}
}

@article{birthal2015,
	title={How sensitive is Indian agriculture to rainfall variability?},
	author={Birthal, Pratap S and Khan, Tajuddin and Mishra, Suresh and Agarwal, S},
	journal={Indian Journal of Agricultural Economics},
	volume={70},
	number={3},
	pages={20--36},
	year={2015}
}

@article{gadgil2006monsoon,
	title={The Indian monsoon, GDP and agriculture},
	author={Gadgil, Sulochana and Gadgil, Siddhartha},
	journal={Economic and Political Weekly},
	pages={4887--4895},
	year={2006},
	publisher={JSTOR}
}

@article{ray2019climate,
	title={Climate variation explains a third of global crop yield variability},
	author={Ray, Deepak K and Gerber, James S and MacDonald, Graham K and West, Paul C},
	journal={Nature Communications},
	volume={10},
	number={1},
	pages={1--9},
	year={2019},
	publisher={Nature Publishing Group}
}

@article{timmer2009price,
	title={Managing price volatility: Approaches at the global, national, and household levels},
	author={Timmer, C. Peter},
	journal={Center for Global Development Working Paper},
	number={144},
	year={2009}
}

@article{sarkar2019monsoon,
	title={Monsoon Variability and Agricultural Productivity in India},
	author={Sarkar, Arindam and Ghosh, Arabinda},
	journal={Climatic Change},
	volume={154},
	number={3-4},
	pages={423--438},
	year={2019},
	publisher={Springer}
}

@misc{niti2024,
	title = {Macro and Fiscal Landscape of the State of Karnataka},
	author = {{NITI Aayog}},
	year = {2025},
	howpublished = {\url{https://www.niti.gov.in}},
	note = {Working population: 45.8\% in agriculture, forestry and fishing — Accessed July 2025}
}

@misc{kgisac2023,
	title = {Karnataka at a Glance},
	author = {{KSRSAC}},
	year = {2023},
	howpublished = {\url{https://kgis.ksrsac.in/kag/}},
	note = {Data on rural employment — Accessed July 2025}
}

@article{prasanna2014,
	title = {Impact of monsoon rainfall on the total foodgrain yield over India},
	author = {Prasanna, V. and others},
	journal = {Journal of Earth System Science},
	volume = {123},
	number = {5},
	pages = {1129--1145},
	year = {2014},
	note = {Summer monsoon variations affect Kharif yield}
}

@misc{reuters_mon2025,
	title = {India poised for above-average monsoon, vital to \$4‑trillion economy},
	author = {Reuters},
	year = {2025},
	month = {June},
	day = {30},
	note = {Monsoon provides 70\% of agricultural water; nearly half farmland non-irrigated}
}

@misc{niti2024_gov,
	title = {Karnataka: A \$1 Trillion GDP Vision},
	author = {{Government of Karnataka}},
	year = {2022},
	howpublished = {\url{https://planning.karnataka.gov.in}},
	note = {Highlights digital agriculture initiatives — Accessed July 2025}
}